3900 6100
112 978 121 989 .
188 930 209 971 ·-
324 915 392 973 ¹2²
690 948 699 995 ,ι
976 880 1198 991 institutiones
1239 890 1257 911 “·

334 1056 340 1069 ’
408 1068 466 1144 'Si
491 1093 577 1146 vero
604 1066 740 1145 inventi
764 1066 928 1141 vocabuli
949 1066 1142 1162 explicatio
1168 1063 1251 1138 talis
1273 1061 1332 1147 stt,
1367 1085 1556 1160 quaecum
1583 1068 1719 1165 reliqua
1750 1068 1831 1143 sen-

323 1167 439 1245 tentia
464 1194 536 1244 non
553 1170 745 1249 cohaereat,
774 1165 945 1239 Radicem
972 1166 1120 1261 inquire,
1148 1184 1229 1259 quae
1254 1162 1422 1236 derivatis
1451 1165 1635 1240 vocabulis
1657 1167 1830 1243 omnibus

324 1265 551 1343 subliteraR
574 1270 611 1340 in
634 1265 771 1340 lexico
790 1263 906 1338 nostro
918 1265 1086 1339 additur:
1113 1258 1292 1337 ibisensus
1307 1282 1434 1333 omnes
1458 1259 1632 1362 cujusque
1647 1268 1745 1339 vocis
1768 1292 1831 1341 oc·

191 1424 196 1431 ,
324 1379 482 1449 current,
507 1389 529 1438 e
553 1365 682 1462 quibus
708 1362 886 1459 aptiorem
909 1362 1065 1461 deligere
1087 1358 1251 1436 nouerit
1273 1356 1426 1437 difficile.
1478 1360 1558 1458 Jam
1576 1364 1623 1441 ad
1649 1364 1833 1443 exercita.

321 1463 458 1543 tionem
480 1461 593 1563 ipsam
623 1462 903 1562 progrediamur.

655 1656 1191 1771 PSALMUS
1259 1653 1483 1768 CXXX.

922 1896 1069 1979 abaco
1107 1919 1188 1995 131.

551 2120 651 2289 'llil
751 2114 915 2284 calbaho
1018 2112 1100 2277 aiat

647 2412 688 2455 ιο
768 2325 776 2347 ¹
843 2413 866 2476 9
1157 2412 1174 2463 7
1342 2392 1364 2455 6
1455 2458 1463 2475 ,
1637 2413 1661 2475 4

624 2487 709 2583 aaa
811 2402 1011 2585 lap-uh
1122 2460 1193 2574 aab,
1274 2412 1490 2585 naa-uh
1590 2478 1691 2582 olo:

322 2774 364 2869 ι)
391 2774 575 2859 Quaeritur
598 2786 730 2859 totum,
755 2773 838 2870 quia
850 2774 962 2850 trium
988 2775 1166 2850 duntaxat
1188 2774 1387 2852 literarum.
1408 2773 1551 2873 (Regni.
1565 2773 1616 2857 l.)
1631 2774 1822 2852 lnLexico

369 2876 526 2968 reperies
564 2875 722 2969 quinque
756 2872 912 2945 diversas
949 2872 1057 2963 huius
1095 2872 1258 2949 vocabuli
1281 2876 1457 2951 notiones.
1503 2876 1559 2949 Ex
1599 2873 1642 2947 iis
1670 2889 1719 2953 ut¹
1736 2892 1823 2971 apte

366 2971 500 3066 eligas,
548 2971 695 3044 attende
717 2969 763 3044 ad
785 2971 915 3069 punita
948 2972 1123 3065 literaeul
1157 2990 1225 3061 teo
1263 2975 1372 3050 modo
1401 2972 1528 3073 scripta
1551 2996 1622 3052 vox
1646 2970 1824 3069 lignilicat

373 3067 558 3143 Canticum.

319 3188 1222 3410 ”dalalllalllllalallll‘llltl.
1236 3190 1823 3396 trainiacensis:

367 3411 505 3494 geritur
519 3397 622 3472 series
645 3400 762 3474 multo
780 3399 862 3496 plus
882 3423 994 3496 quam
1016 3415 1163 3475 centum
1184 3400 1452 3486 vocabulorum,
1489 3425 1536 3474 an
1561 3414 1638 3474 tota
1666 3403 1745 3476 haec
1766 3402 1820 3476 le·

364 3494 515 3593 genda‘?
538 3498 770 3595 neutiquam:
806 3496 863 3570 sed
879 3511 921 3572 ut
933 3516 1100 3596 parcatur
1111 3498 1223 3573 labori
1242 3523 1286 3574 ac
1301 3501 1465 3595 tempori,
1497 3497 1596 3573 seriei
1611 3497 1709 3572 illius
1723 3501 1820 3575 ordi·

365 3620 452 3673 nem
477 3594 669 3682 c'onsrdera,
699 3595 816 3692 quiin
843 3609 922 3672 toto
945 3597 1080 3672 Lexico
1103 3597 1186 3672 talis
1212 3596 1270 3684 est,
1303 3610 1345 3672 ut
1366 3598 1470 3672 initio
1496 3595 1640 3693 quidem
1666 3613 1821 3693 ponatur

365 3696 581 3771 uocabulum
597 3694 708 3770 Tituli
737 3717 893 3792 purum,
930 3694 1233 3793 tumapriocipio
1258 3696 1402 3771 aurium
1420 3694 1545 3769 ordine
1567 3694 1819 3790 alphabetico,

365 3795 519 3890 denique
545 3793 617 3868 &a
643 3795 714 3868 fine
737 3794 882 3870 auitum
900 3795 990 3869 item
1014 3795 1139 3869 ordine
1162 3793 1398 3891 alphabetico.
1451 3792 1657 3867 Videndum
1683 3793 1818 3888 igitur,

364 3890 596 3990 purumneht
613 3893 839 3978 vocabulum,
890 3917 937 3970 an
950 3891 989 3968 &
1003 3893 1064 3968 ubi
1079 3893 1241 3969 auitum:
1266 3917 1310 3968 ac
1325 3892 1492 3988 negleiiis
1506 3893 1647 3976 ceteris,
1673 3893 1719 3964 ad
1733 3916 1820 3967 eum

366 3989 510 4063 edittis
537 3991 652 4064 tribus
681 3991 864 4066 ordinibus
883 3992 1160 4076 decurrendum,
1191 3991 1294 4088 eique
1319 3992 1400 4065 loco
1425 3990 1648 4086 adjiciendus
1677 3989 1818 4075 oculus,

365 4110 474 4186 quem
493 4089 656 4162 vocabuli
675 4089 729 4162 tui
742 4088 780 4163 dt
804 4090 984 4186 alphabeti
1002 4093 1093 4166 ratid
1113 4087 1233 4186 poscit.
1284 4087 1441 4162 Praesens
1466 4087 1623 4162 nollrum
1638 4069 1725 4170 ΒΜ
1746 4113 1820 4163 non
1870 4095 1874 4108 ’

365 4197 542 4260 tantuma
555 4187 739 4282 principio,
765 4184 822 4258 sed
837 4188 982 4263 etiama
1002 4189 1073 4262 fine
1088 4189 1231 4263 auitum
1244 4187 1304 4270 est,
1330 4185 1531 4282 &quidem
1557 4206 1619 4280 per
1631 4185 1819 4265 literamn

364 4285 471 4383 (narn
485 4301 499 4364 t
515 4285 613 4359 nulla
630 4280 710 4372 eli).
747 4286 848 4381 atqui
874 4302 900 4364 lt
928 4285 977 4359 est
1000 4286 1105 4361 litera
1125 4284 1307 4384 alphabeti
1332 4285 1472 4369 ultima,
1498 4306 1584 4378 ergo
1607 4284 1644 4356 in
1664 4285 1819 4360 totailla

366 4384 454 4460 serie
473 4385 601 4456 omitte
619 4383 739 4458 omnia
754 4398 885 4470 cetera,
910 4383 948 4462 dr
962 4386 1009 4462 ad
1031 4398 1231 4462 extremam
1248 4384 1364 4460 ssatim
1379 4384 1493 4458 aciem
1518 4381 1631 4467 evola,
1660 4382 1720 4456 ubi
1739 4383 1821 4458 looo

363 4483 464 4562 sexto
490 4481 607 4556 ahoe
631 4469 796 4586 055&th
815 4497 921 4559 tuum
936 4484 1193 4582 deprehendes.
1245 4483 1302 4557 En
1330 4497 1370 4557 ut
1397 4480 1623 4580 perpauculis
1646 4479 1821 4578 palhbus,

363 4616 511 4692 evitatis
536 4613 695 4699 centum,
724 4629 937 4710 perventum
952 4613 1084 4714 estquo
1101 4613 1334 4690 volebamus!
1360 4612 1585 4710 significatio
1611 4611 1660 4686 est
1676 4613 1819 4710 gradus.

364 4718 404 4798 Si
437 4737 540 4790 more
569 4713 682 4788 latino
715 4711 844 4810 'ungas
873 4712 982 4814 priori
1021 4714 1215 4805 vocabulo,
1251 4714 1400 4795 habebis
1426 4712 1600 4793 Canticum
1627 4707 1819 4791 Gratiarum.

262 4817 283 4852 ‘'
363 4815 474 4914 vcalgo
496 4811 652 4918 Psalmus
733 4811 879 4899 aduella.
1692 4909 1736 5010 3)
1764 4913 1827 4995 m
