3900 6100
784 878 974 965 maram.
1074 984 1077 993 ¹
1130 846 1138 857 ’
1391 808 1424 865 ”
1492 919 1495 923 -
1560 914 1631 992 μ,

126 1052 199 1149 24)
219 1061 312 1129 ntn.
327 1070 387 1137 21.
412 1072 488 1126 uno
503 1054 646 1125 mutato
660 1045 800 1146 pundo,
818 1051 945 1128 eodem
958 1049 1069 1133 sensu.
1093 1058 1186 1153 ficut,
1210 1054 1269 1133 seu
1285 1055 1344 1147 fic,
1368 1057 1565 1141 abradatur.

125 1150 197 1249 25)
219 1165 264 1227 ut
278 1162 316 1226 it.
329 1175 391 1238 22,
405 1149 464 1225 sed
476 1149 627 1223 mutatis
641 1146 790 1246 punitis,
843 1152 899 1237 ad,
916 1152 1021 1250 snper
1043 1180 1102 1232 mg,
1671 1172 1680 1181 .

85 1254 198 1343 ab)
224 1266 313 1328 ntn.
331 1250 523 1327 mama
538 1270 621 1325 mea.
648 1245 814 1322 contexe
834 1248 914 1322 haec
933 1275 1016 1325 cum
1039 1250 1292 1348 superioribus:
1323 1253 1631 1358 Sinondemist‚&
1754 1230 1756 1235 Ι
1840 1226 1845 1233 ι

167 1349 505 1465 firmjnfflanimam
518 1368 642 1421 mam:
664 1348 748 1462 [καὶ
761 1343 944 1423 attritam
957 1349 1303 1454 (intelligeestquod
1326 1353 1631 1453 paffimomittunt
1702 1386 1707 1394 ·

176 1446 456 1549 Hebrae1)super
466 1442 654 1543 matresua,
673 1442 904 1522 areobindam
916 1447 1067 1548 btsuper
1087 1477 1136 1526 me
1147 1455 1358 1532 animarum,

597 1676 640 1753 33
719 1673 761 1739 3⁸
887 1678 928 1743 31
1033 1681 1084 1755 ¹30
1161 1681 1204 1746 29
1316 1668 1357 1741 28
1453 1685 1498 1751 η

555 1721 769 1851 abra-atr]
823 1756 945 1851 neue
996 1731 1198 1851 marm
1249 1732 1387 1859 δεῖξε
1441 1735 1519 1849 bn:

1183 1826 1196 1850 b·

140 2027 207 2129 22)
237 2021 417 2131 Exspeda.
444 2021 526 2114 five,
551 2024 643 2103 utin
659 2024 735 2127 ipsa
751 2025 1259 2117 RadiceseuTituloaddrtur.
1275 2030 1388 2133 spero.

139 2136 204 2219 23)
226 2114 253 2212 ¹)
279 2130 347 2205 hoc
363 2125 505 2237 tocpest
527 2143 645 2201 certa:
678 2150 764 2221 ergo
785 2127 890 2226 (Reg.
907 2128 997 2228 III.)
1011 2131 1185 2229 quaeritur
1197 2117 1291 2220 bna,
1319 2133 1413 2209 inter
1425 2131 1530 2233 cujus
1542 2156 1637 2235 prae·
1775 2194 1778 2199 -

85 2262 87 2268 v
184 2228 261 2303 frxa
287 2225 347 2302 suo
362 2225 486 2300 ordme
508 2226 642 2320 legitur
666 2225 781 2323 Isiael.
1282 2250 1288 2266 ·
1401 2240 1404 2246 ·
1786 2248 1794 2258 ·

137 2325 203 2423 29)
227 2325 284 2413 od,
309 2323 410 2423 apud,
435 2336 521 2410 ante,
553 2349 648 2421 rope,
670 2327 771 2412 circa,
795 2339 924 2415 contro,
948 2349 1041 2424 ergo,
1068 2328 1105 2404 in
1125 2325 1194 2406 &c
1220 2349 1285 2430 pro
1309 2327 1635 2409 naturaorationic.

185 2422 403 2523 aptissimum
420 2423 480 2496 bic
503 2352 553 2496 eti
565 2426 612 2497 in.

138 2522 204 2620 30)
230 2538 321 2598 utu.
338 2549 373 2616 4.
399 2519 606 2607 inflammo,
631 2518 768 2595 inDeo.

135 2627 260 2718 31)·'t
308 2619 417 2697 dubia
449 2617 649 2720 seponitur:
700 2617 848 2720 proinde
873 2616 993 2721 (Reg.
1019 2618 1104 2714 ΙΙ.)
1124 2632 1256 2699 ceterae
1294 2622 1561 2723 investigantur.
1593 2648 1641 2704 ecc

186 2746 283 2794 mtnc.
911 2770 914 2775 ·

112 2816 207 2916 ‘32)
233 2834 249 2898 t
276 2814 327 2892 δ’.
352 2832 407 2901 ‘w
433 2816 541 2916 usque,
560 2814 658 2913 usqua
674 2811 729 2890 nd.

138 2918 205 3015 33)
231 2919 326 2992 Cum
353 2933 367 2995 t
396 2917 454 2991 bio
471 2916 568 2989 nulla
583 2914 634 2994 iit.
660 2916 838 3009 reliquum
856 2915 1175 3011 queriturtotum.
1215 2914 1374 3014 seculum.
1406 2912 1513 3014 Spera
1534 2916 1641 3016 lsrael

190 3018 227 3092 in
243 3015 386 3090 Durnino
398 3040 442 3091 cx
453 3041 537 3090 nunc
549 3013 646 3112 usque
657 3014 694 3086 in
703 3010 861 3108 seculum.
900 3012 968 3089 Per
982 3013 1200 3092 occasionem
1214 3015 1379 3092 vocabuli
1392 3014 1500 3114 hujus
1516 3016 1638 3094 ultimi

187 3115 345 3194 obierum
379 3115 476 3189 idem
492 3113 569 3197 etse,
596 3110 666 3184 live
688 3111 783 3184 inter
815 3112 939 3188 literas
962 3112 1149 3188 hebraicas
1177 3115 1383 3201 occurrati,
1419 3112 1490 3191 five
1516 3114 1641 3191 omitia

188 3214 294 3289 litera
307 3226 322 3291 t
335 3211 447 3286 solum
464 3209 542 3308 ejus
559 3210 727 3307 punttum
742 3207 842 3308 supra
855 3212 987 3286 irneam
1001 3224 1181 3309 appareat.
1197 3213 1259 3288 Sic
1272 3213 1309 3288 in
1326 3212 1498 3309 praesente
1515 3235 1640 3288 exem·
1682 3263 1687 3270 -
1798 3233 1804 3244 ·

184 3312 246 3412 plo
269 3292 371 3415 nffiitt
397 3291 516 3415 &niv
541 3309 635 3383 idem
659 3308 749 3394 sunt,
780 3307 818 3384 ἃ
841 3308 879 3386 in
899 3307 1033 3385 Lexico
1050 3334 1191 3408 quoque
1212 3309 1330 3386 nostro
1348 3313 1500 3387 eandem
1527 3313 1643 3409 expli·

194 3443 375 3521 cationern
407 3443 552 3520 habent.
590 3439 727 3517 Similis
745 3439 887 3516 casussr
912 3440 1088 3527 inciderit,
1112 3442 1169 3516 vel
1196 3454 1391 3541 utrumque
1416 3444 1643 3531 vocabulum,
1740 3463 1742 3468 ·
1822 3415 1832 3438 ⁸

189 3541 359 3620 veicerte
378 3543 594 3619 alterutrum
607 3540 784 3637 quaerenti
805 3537 869 3617 tibi
891 3537 929 3616 in
943 3538 1078 3614 Lexrco
1099 3537 1302 3619 satisfaciet

242 3708 339 3784 Haec
357 3706 558 3804 explicandi
581 3705 674 3781 ratio
703 3700 788 3781 ficui
814 3703 938 3780 minus
952 3708 1182 3804 probabitur.
1212 3703 1309 3802 quod
1332 3701 1470 3776 nullam
1496 3703 1642 3797 penitus

144 3806 325 3883 rationem
345 3807 493 3880 reddere
517 3805 656 3889 doceat,
685 3801 924 3900 &expertem
949 3804 1124 3884 univerrae
1147 3802 1397 3899 grammaticae
1416 3801 1569 3875 tironem
1586 3826 1643 3877 re·

142 3905 307 4003 linquat:
332 3900 443 3978 habet
470 3927 593 3979 meum
612 3901 800 3976 Trifolium
818 3900 1049 3985 Hebraicum,
1075 3907 1169 3999 quod
1188 3903 1306 3977 Ulmae
1322 3902 1475 3996 primum
1508 3898 1645 3996 separa-

143 4005 224 4090 tim,
266 4002 395 4077 deinde
419 4000 590 4098 Augustae
616 3998 882 4074 Vindelicorum
904 4024 988 4075 curn
1022 4001 1251 4075 Hieroiexico
1296 4022 1377 4072 meo
1416 3995 1647 4093 conjunttum

144 4102 289 4199 prodiit.
338 4097 459 4197 Hujus
477 4096 695 4176 Methodi&
718 4097 843 4170 Lexici
861 4121 928 4193 ope
948 4099 1042 4173 intra
1064 4097 1282 4197 parroiiiimas
1302 4097 1409 4172 horas
1423 4096 1473 4170 ita
1486 4099 1647 4194 explica·
1772 4107 1779 4118 '
1845 4111 1849 4118 “

145 4223 186 4280 re
203 4203 315 4274 ditces
328 4201 448 4274 locum
476 4197 672 4296 quemlibet
689 4195 859 4270 Hebraici
876 4193 1049 4284 Canonis,
1076 4216 1116 4274 ut
1137 4201 1247 4273 etiam
1262 4196 1512 4292 grammaticae
1536 4202 1648 4273 ratio·

143 4321 232 4378 nem
255 4294 395 4380 afferre,
420 4296 556 4394 tibique
575 4295 613 4371 dc
635 4294 716 4370 aliis
735 4291 939 4370 satisucere
975 4295 1090 4391 possis.
1140 4296 1179 4370 Id
1199 4295 1454 4392 experimentis
1480 4294 1646 4392 piurimis

142 4419 211 4500 per
222 4419 339 4472 annos
353 4395 489 4493 aliquot
505 4393 791 4491 comprobatum,
819 4405 896 4468 tam
918 4394 1055 4471 multos
1076 4394 1152 4491 jam
1180 4393 1286 4469 testes
1302 4394 1432 4477 habet,
1457 4406 1499 4469 nt
1523 4397 1646 4472 nultus

145 4494 336 4573 dubitandi
358 4495 459 4569 locus
488 4492 631 4568 relittus
660 4490 714 4566 fit.
766 4490 836 4579 Qui
856 4491 1022 4574 Methodi
1042 4493 1256 4568 brevitatem
1284 4489 1353 4568 suis
1380 4492 1450 4589 ipse
1467 4495 1581 4568 ocutis
1607 4495 1648 4572 dc

143 4591 333 4692 clepsydra
345 4593 464 4670 metiri
479 4592 643 4674 voluerit,
676 4591 724 4666 ad
751 4587 862 4664 finem
889 4590 1104 4688 Hexaglotti
1128 4593 1291 4667 Aiterus
1310 4589 1530 4666 occasionem
1557 4617 1650 4668 nan·

134 4691 321 4770 miscetur:
347 4691 407 4766 ubi
431 4693 533 4768 Hora
546 4688 706 4785 Syriaca.
733 4687 912 4765 Hebraico
936 4712 1020 4768 meo
1045 4688 1191 4770 Trifolio
1204 4689 1391 4779 simillima,
1418 4691 1649 4770 membratim

142 4791 185 4876 in
200 4791 421 4895 quadrantes
440 4790 522 4870 suos
543 4785 651 4877 divisa
675 4799 851 4867 occurret.
1603 4853 1610 4862 .

831 4884 935 5004 Ως
1224 4983 1226 4988 ¹
1443 4881 1652 4976 APPEN·
1827 4966 1838 4983 ,
