3900 6100
212 796 285 941 ¹230
632 798 636 805 Ι
731 900 736 921 ,
828 825 1049 941 Instiiniiuntt
1148 812 1151 821 Ι

269 1020 450 1109 circulus,
485 1016 591 1096 instat
612 1008 762 1107 latinio,
788 1030 853 1095 aut
888 1020 969 1096 zeti·
997 1018 1228 1097 arithmetici.
1280 1016 1377 1097 Nota
1393 1018 1484 1111 lraec,
1511 1044 1594 1123 quae
1620 1012 1721 1106 Kest-

157 1200 160 1205 .
269 1122 376 1203 leticia
387 1122 527 1206 dicitur,
548 1119 679 1194 indicio
702 1118 761 1204 est,
785 1121 999 1195 vocabulum
1015 1122 1118 1195 aliter
1130 1120 1297 1217 ¹scriptum
1319 1118 1396 1205 else,
1424 1144 1534 1217 quam
1559 1148 1721 1223 pronun.

269 1223 438 1299 claudum
457 1217 523 1301 fit,·
558 1218 614 1292 vel
635 1218 856 1293 acommuni
877 1219 957 1313 lege
982 1220 1240 1315 pronunciandi
1263 1233 1328 1294 aut
1347 1217 1517 1298 scribendi
1539 1226 1722 1307 recedere.

268 1324 311 1399 ln
333 1318 494 1411 margine
509 1314 704 1392 brevissime
721 1317 893 1402 docetur,
920 1317 1006 1411 quid
1021 1319 1142 1392 arcani
1165 1318 1289 1397 lateat.
1342 1314 1403 1390 Au
1416 1316 1628 1413 praesentem
1653 1326 1747 1417 So·¹

195 1458 198 1463 ·
269 1419 415 1518 phoniae
437 1418 556 1489 locum
574 1432 743 1490 monetur
756 1418 791 1488 in
810 1416 984 1508 margine,
1009 1413 1079 1510 legi
1108 1418 1166 1489 iric
1182 1430 1314 1511 praeter
1328 1438 1499 1492 moremu
1514 1421 1621 1494 breve
1637 1447 1722 1499 curn

271 1529 422 1593 accentu
448 1510 616 1601 Ariarici,
641 1516 701 1610 qui
715 1515 792 1609 jure
809 1513 869 1587 suo
895 1514 1075 1588 ordinario
1090 1514 1250 1589 vocalem
1266 1516 1412 1608 longam
1441 1514 1608 1613 posceret.

220 1647 357 1749 Lerssplr
391 1647 581 1745 Duplicem
597 1645 705 1717 habet
735 1656 935 1731 accentum,
974 1650 1127 1740 quorum
1143 1644 1238 1743 prior
1262 1628 1464 1720 rhetoricus
1497 1648 1554 1723 seu
1585 1652 1723 1747 eupho-

268 1749 373 1823 nicus
390 1762 555 1837 tantum;
593 1744 684 1816 alter
698 1745 850 1831 tonicus,
877 1744 939 1842 qui
954 1741 1125 1838 syllabam
1152 1742 1251 1819 suam
1268 1746 1375 1833 acuit,
1401 1770 1444 1820 ac
1460 1750 1608 1842 proinde
1624 1751 1723 1837 l'acit,

269 1862 313 1921 ut
327 1846 456 1921 ultima
478 1842 706 1940 producatur.
739 1869 741 1872 ¹

224 1974 353 2075 Gojt'nr,
378 2002 448 2050 non
463 1974 566 2088 goim.
588 1974 653 2071 Jod
673 1974 792 2087 enim,
806 1972 887 2075 ut§
913 1998 961 2069 24
973 1970 1081 2070 hujus
1099 1971 1320 2085 Appendicis
1335 1975 1458 2087 habes,
1484 1944 1628 2051 mutum
1643 1978 1723 2073 qui·

270 2078 354 2149 dem
368 2076 426 2157 eil,
453 2078 476 2146 ir
495 2072 568 2171 post
587 2074 754 2165 puntlurn
783 2096 794 2145 r
819 2078 871 2167 (¹)
897 2071 1087 2167 sequatur:
1113 2074 1171 2146 lnc
1185 2096 1269 2147 veto
1284 2077 1296 2147 i
1311 2076 1444 2149 vocalis
1471 2073 1521 2170 (.)
1548 2074 1622 2171 poll
1636 2099 1723 2149 con·

270 2174 454 2248 sonantem
471 2187 485 2229 t
508 2170 673 2267 sequitur,
699 2172 802 2266 eique
818 2171 939 2245 sonum
955 2169 1056 2245 suurn
1076 2172 1275 2245 naturalem
1291 2172 1471 2267 relinquit.

223 2301 401 2401 Ltlourssr‘.
438 2300 643 2404 Punstumv
673 2302 806 2375 nonest
825 2303 986 2378 hocloco
1000 2327 1032 2388 a,
1059 2299 1115 2376 sed
1131 2326 1160 2377 o:
1187 2305 1269 2399 quia
1286 2304 1462 2400 sequitur,
1491 2302 1588 2377 nullo
1610 2302 1724 2377 inter·

237 2440 242 2455 ·
274 2404 423 2477 cedente
437 2416 600 2479 accentu.
625 2396 678 2499 (ss
695 2426 741 2475 20
758 2400 941 2497 llppend.)
1456 2396 1462 2409 '

92 2552 96 2581 ¹
220 2531 642 2633 Lisclpo‘clutrumque,
661 2546 804 2606 mutum
827 2531 896 2624 est3
924 2532 1091 2628 primum,
1117 2531 1199 2628 quia
1223 2531 1358 2605 nullam
1373 2529 1721 2607 imbetcaulsamso·

154 2690 161 2704 .
274 2631 381 2706 nandi
399 2630 528 2703 exiliis
543 2628 710 2725 quinque,
734 2654 815 2725 quae
835 2630 983 2704 disticho
1009 2627 1129 2726 (§22)
1155 2632 1528 2726 comprelrenduntur;
1554 2632 1723 2719 alterum,

271 2730 355 2826 quia
379 2730 414 2802 in
434 2728 505 2803 fine
529 2752 712 2823 nunquam
740 2728 850 2812 sonat,
875 2729 932 2801 vel
957 2727 980 2800 li
1001 2730 1054 2800 bis
1073 2728 1299 2803 continenter
1330 2746 1492 2825 ponitur.

223 2858 393 2936 Halestc'm.
446 2883 519 2933 uon
536 2857 729 2931 staleilrem:
755 2861 866 2955 quior
885 2858 959 2956 post
972 2938 986 2951 „
1013 2855 1058 2957 (i
1077 2857 1150 2953 24)
1176 2874 1319 2943 mutum
1345 2858 1402 2932 eil.

228 3032 375 3116 Trachis.
427 3037 582 3114 Rursum
602 3050 772 3115 accentus
795 3038 939 3138 duplex,
964 3064 1117 3137 quotum
1136 3040 1303 3140 posterior
1317 3039 1468 3125 tonicus,
1484 3053 1526 3115 ut
1539 3039 1646 3139 paulo
1659 3065 1725 3116 an·

271 3149 310 3211 te
326 3138 364 3212 in
385 3139 558 3214 vocabulo
574 3137 707 3237 leeso‘pst.

228 3333 318 3410 Cos·
332 3331 482 3412 indrede.
538 3333 609 3421 Cos,
636 3359 707 3410 non
726 3337 799 3410 cul:
823 3335 904 3433 qtria
931 3333 1057 3437 (§20)
1082 3339 1184 3414 litera
1199 3323 1357 3418 smalisli
1386 3331 1444 3412 sub
1460 3333 1491 3412 se
1512 3339 1637 3429 habet¹
1660 3364 1722 3414 oc·

275 3435 428 3518 cultum,
454 3436 748 3537 quodapunilo,
774 3438 987 3532 pernullunr
1011 3437 1501 3511 intercedentemaccentum
1530 3437 1724 3530 separatur.

275 3525 432 3608 Hariredt
450 3527 498 3606 cll
525 3533 653 3618 slltlles,
680 3558 762 3607 cum
782 3547 901 3608 cetera
914 3537 1034 3609 omnia
1060 3534 1193 3611 suerint
1206 3533 1329 3608 lintri.
1382 3533 1490 3608 illrlltl
1511 3535 1724 3632 appellatur,

274 3633 372 3727 quod
393 3645 582 3707 accentum
606 3631 642 3708 in
662 3632 860 3727 penultima
882 3633 1010 3718 lrabet,·
1047 3631 1160 3709 Misrti
1173 3637 1267 3729 quod
1284 3633 1318 3706 in
1338 3635 1484 3707 ultima:
1511 3633 1726 3708 luntautem

275 3731 393 3804 multo
410 3732 511 3828 plura
535 3725 646 3804 Milrci
666 3731 843 3815 Hebraeis,
869 3755 976 3826 quam
1009 3731 1128 3806 Milies.
1181 3732 1264 3816 Duo
1289 3733 1373 3806 nodi
1393 3731 1451 3806 seu
1480 3731 1606 3827 punita
1633 3731 1726 3805 cras·

273 3824 363 3936 liora
388 3828 523 4001 ippum
550 3831 654 3914 sunt,
689 3829 899 3904 sententiam
923 3829 990 3904 else
1011 3830 1160 3922 linitam,
1187 3833 1240 3907 uti
1260 3832 1356 3930 apud
1384 3854 1450 3906 nos
1474 3852 1535 3926 per
1553 3833 1724 3927 punciunt

276 3943 394 4020 majus
447 3941 473 4002 t.

516 4237 696 4356 Verficultu
725 4189 900 4359 pollutior,
932 4279 976 4328 ex
999 4273 1068 4331 toto
1100 4247 1259 4367 sophonia
1290 4245 1448 4344 milesius,

276 4481 378 4578 tete
613 4456 709 4582 *lin
953 4491 1077 4592 nne
1281 4479 1393 4592 :ere
1612 4485 1701 4583 na

253 4601 387 4694 ,charbi
444 4697 452 4715 θ
602 4607 739 4684 chalele
938 4609 1122 4714 nixretlu'r
1259 4609 1405 4690 kodsclri
1619 4605 1727 4681 Uvne

227 4725 331 4792 ‚meo
357 4700 478 4802 gladio
595 4705 767 4786 interselli
930 4717 1115 4810 perierunt
1159 4733 1252 4792 meae
1266 4707 1462 4792 sanctitatis
1556 4703 1622 4782 lilii
1651 4705 1703 4780 Et

1602 4837 1729 4952 liet!
