3900 6100
495 1761 775 1904 Hora
814 1763 1443 1937 cunuunrcn.

223 1970 501 2151 Quaecunque
516 2046 555 2123 in
575 2047 677 2127 Hora
698 2043 878 2127 Hebraico
896 2045 998 2139 dixi,
1043 2046 1081 2125 in
1106 2044 1302 2125 Chaldaica
1327 2037 1474 2146 repeto:
1512 2048 1603 2125 adeo
1625 2050 1723 2126 enim

223 2149 432 2223 communia
465 2146 544 2260 sunt
566 2148 625 2260 ‘iis
660 2148 791 2262 omnia,
817 2157 880 2235 ut,
928 2148 990 2247 qui
1013 2146 1111 2260 illius
1133 2145 1395 2320 praeceptiones
1407 2147 1567 2260 didicit,
1612 2146 1722 2238 huius

221 2266 384 2343 quoque,
411 2245 472 2321 etsr
492 2245 622 2322 rnscrus
644 2246 683 2325 dr
706 2246 804 2323 ahud
827 2269 963 2341 agens,
990 2246 1130 2343 legibus
1152 2268 1253 2322 omm
1278 2268 1321 2322 us
1350 2244 1384 2319 se
1404 2247 1586 2321 imbuerat.
1621 2244 1722 2323 ldem

220 2344 401 2419 hebraicis
417 2344 684 2444 chaldaicisque
700 2345 812 2420 literis
825 2344 1058 2441 alphabetum
1073 2344 1277 2421 est2eadem
1298 2344 1462 2442 utrisque
1482 2344 1673 2420 dubiarum
1684 2342 1722 2419 dc
1857 2438 1859 2443 Ι

220 2457 403 2520 certarum
424 2441 618 2519 distinttio:
643 2444 782 2518 eaedem
807 2456 883 2517 tres
905 2442 1080 2538 Regulae,
1106 2444 1235 2542 quibus
1264 2441 1323 2517 hic
1348 2466 1489 2540 quoque
1514 2444 1637 2519 omnia
1658 2441 1723 2517 ab·

218 2538 415 2617 solvuntur.
468 2541 690 2658 Praeclarum
721 2542 819 2617 idem
846 2540 1019 2627 Lexlcon,
1048 2542 1151 2713 guod
1173 2542 1211 2616 in
1235 2540 1411 2616 hebraicis
1430 2540 1545 2617 veluti
1560 2538 1721 2636 Cynosu-

218 2660 302 2713 ram
330 2638 503 2737 proposur.
531 2640 717 2717 chaldaica
739 2660 883 2753 quoque
906 2638 1046 2734 comple
1081 2652 1174 2723 rtur,
1214 2636 1428 2715 &eandem
1460 2639 1722 2737 propemodum

217 2736 431 2813 facilitatem
455 2739 565 2814 etiam
590 2738 721 2814 horum
737 2735 915 2813 hronibus
938 2738 1085 2835 praebet.
1124 2735 1182 2810 Ne
1193 2735 1341 2811 omnino
1364 2736 1516 2811 eandem
1533 2736 1720 2834 praeberet,
1826 2786 1828 2791 ,
1874 2810 1876 2817 .

218 2848 305 2911 tum
328 2837 550 2923 editionum,
593 2849 673 2912 tum
689 2836 922 2911 dialettorum
947 2835 1101 2911 varietas
1126 2833 1328 2930 prohibuit:
1369 2857 1454 2909 nam
1479 2833 1516 2911 dt
1545 2834 1721 2909 editiones

217 2932 304 3009 uliae
331 2935 413 3009 aliis
435 2935 574 3032 punitis
599 2934 755 3032 persaepe
776 2944 939 3017 utuntur,
966 2931 1004 3008 dr
1019 2931 1102 3030 ipsae
1121 2930 1259 3006 dialedti
1272 2930 1444 3007 sermonis
1458 2932 1633 3009 chaldaici
1646 2955 1721 3006 norr

215 3030 328 3128 longe
358 3034 516 3131 quidem,
549 3032 754 3133 frequenter
778 3045 926 3118 tamen,
956 3029 1028 3107 levi
1075 3030 1206 3106 undam
1236 3029 1493 3107 vocabulorum
1507 3032 1606 3107 flexu
1625 3030 1722 3105 inter
1777 3059 1791 3132 j·

216 3127 255 3203 se
280 3128 491 3229 discrepant.
540 3132 624 3210 Non
646 3131 695 3207 est
723 3130 858 3226 igitur,
882 3126 1031 3204 studiose
1092 3129 1209 3211 estor.
1239 3151 1304 3204 cur
1327 3129 1505 3220 turberiS,
1542 3128 1660 3205 sralia
1684 3126 1721 3203 se

217 3227 284 3303 tibi
309 3231 440 3328 punita
463 3231 503 3308 iu
526 3229 663 3306 Lexico
683 3225 851 3314 offerant,
873 3225 946 3302 alia
966 3226 1006 3301 in
1030 3226 1189 3303 editione
1212 3239 1274 3303 tua
1297 3227 1476 3330 legantur,
1499 3226 1720 3304 velhetiam

215 3325 361 3402 literula
387 3351 646 3427 nonnunquam
668 3329 827 3404 abludat.
878 3322 1062 3421 contigua
1075 3324 1239 3423 ejusdem
1264 3323 1379 3425 stirpis
1398 3326 1577 3413 vocabula
1599 3327 1636 3402 in
1649 3325 1720 3400 Le-

216 3421 312 3512 xico,
335 3439 447 3524 atque
468 3427 482 3502 i
507 3427 579 3503 stus
607 3427 719 3502 etiam
751 3423 926 3502 orationis
951 3439 1159 3512 contextus,
1195 3422 1305 3522 siquid
1327 3424 1396 3500 erit
1415 3425 1525 3513 dubii,
1547 3425 1651 3501 facile
1675 3425 1720 3500 il·

216 3520 430 3604 lustrabunt.
477 3451 545 3611 iu,
570 3524 791 3601 srHebraica
813 3519 931 3598 nostra
954 3521 1080 3618 legisti,
1102 3523 1220 3597 recole
1232 3552 1247 3606 ,·
1283 3520 1335 3597 srn
1360 3522 1494 3610 minus,
1529 3524 1627 3618 lege:
1652 3546 1720 3618 ego

215 3619 263 3696 ad
288 3621 599 3704 Exercintiouem
630 3622 862 3724 progredior,
897 3641 945 3695 ex
971 3617 1046 3719 ipso
1074 3619 1221 3698 Codicis
1243 3620 1366 3698 Divini
1387 3621 1489 3696 initio
1524 3642 1606 3697 eam
1628 3621 1721 3719 peti·

572 3818 831 3935 LIBRI
880 3813 1370 3936 GENESEOS

854 3985 1083 4145 pgincipiurn.

622 4097 803 4274 ‘Nlla
852 4179 919 4276 aa
969 4101 1097 4274 aeia
1145 4102 1192 4273 ὦ
1244 4179 1298 4273 ι’
1348 4099 1436 4274 aa}
1487 4093 1646 4270 traina
1773 4213 1776 4220 -

216 4355 259 4450 ι)
282 4369 297 4448 ῐ
319 4352 424 4431 litera
437 4349 546 4428 dubia
561 4347 621 4438 eli,
644 4351 715 4426 aiu
739 4349 860 4428 medio
878 4348 1054 4427 vocabulo
1070 4347 1192 4437 nulla,
1232 4362 1266 4427 ιι
1280 4348 1318 4425 in
1341 4343 1462 4421 medio
1485 4356 1593 4420 certa.
1643 4339 1717 4416 lta·
1844 4433 1847 4438 Ι

264 4471 337 4551 que
352 4451 463 4549 (Reg.
485 4449 585 4547 ΙΙΙ.)
611 4465 644 4528 ta
661 4473 744 4526 cum
767 4449 906 4526 duabus
925 4449 1090 4548 proxime
1106 4447 1282 4546 prioribus
1308 4457 1492 4545 quaeratur
1513 4444 1550 4520 in
1566 4441 1715 4517 Lexico.
1858 4519 1863 4528 ,

265 4551 411 4628 Titulus
427 4565 513 4656 ΜΡ
539 4548 643 4642 (ιιιιιιι
669 4547 751 4626 n&
766 4550 843 4629 nin
858 4547 1050 4648 alphabeto
1066 4548 1163 4622 idem
1176 4545 1274 4646 sunt)
1296 4546 1407 4623 habet
1418 4544 1540 4620 seriem
1568 4552 1715 4614 centum
1765 4591 1768 4600 .

267 4649 422 4726 omniuo
460 4673 504 4723 ac
541 4647 689 4744 triginta
712 4648 981 4725 vocabulorum.
1042 4645 1095 4722 Ut
1124 4668 1243 4744 operae
1266 4655 1312 4722 a'c
1334 4644 1485 4743 tempori
1511 4635 1718 4716 consulatur

265 4747 415 4844 (axae.
437 4744 543 4832 Heba.
567 4771 604 4832 ιι.
628 4742 685 4886 a)
709 4747 951 4927 praetermittfi
966 4756 1087 4944 {effla
1108 4744 1249 4838 omnia,
1272 4742 1312 4824 dt
1332 4742 1496 4822 intentio
1519 4733 1717 4912 witichind:
