3900 6100
797 818 982 922 Hebraicoei

145 1044 148 1049 ·
185 1028 213 1093 Ἰ
238 1012 371 1111 ubique
395 1018 505 1089 certa.
565 1068 569 1073 .
859 1108 863 1115 1

185 1142 227 1207 v
252 1126 357 1243 initio
379 1124 499 1215 dubia,
524 1120 609 1199 alibi
635 1130 748 1201 certa.

189 1260 220 1324 n
245 1245 387 1343 ubique·
403 1241 522 1318 dubia.
548 1306 552 1313 .

133 1362 219 1441 Hoc
252 1364 440 1439 literarum
467 1355 669 1436 discrimine
692 1352 826 1454 polito,
851 1359 1034 1444 facillimis
1071 1368 1186 1447 tribus
1223 1366 1358 1466 regulis
1384 1362 1505 1443 omnia
1529 1352 1642 1437 conti·
1733 1456 1735 1461 Ι
1847 1426 1849 1431 .

131 1480 278 1541 nentur.

259 1656 393 1757 Regulo
417 1654 447 1733 I.
474 1654 637 1731 Duarum
657 1650 812 1729 triumve
827 1656 1013 1737 literarum
1028 1665 1200 1741 vocabula
1215 1662 1274 1739 sub
1286 1664 1344 1737 his
1362 1658 1441 1759 ipsis
1456 1659 1490 1732 in
1504 1656 1640 1733 Lexico

133 1776 269 1853 quaere.
320 1760 381 1833 Sic
404 1779 436 1833 e.
458 1778 493 1851 g.
520 1770 563 1849 pap
593 1754 835 1845 indagandum
863 1759 911 1833 est
928 1762 1045 1857 priore
1073 1765 1177 1840 litera
1197 1780 1240 1850 2,
1265 1762 1423 1851 alteram
1449 1753 1639 1833 retrorsum
1722 1772 1724 1777 ·
1859 1826 1862 1833 ,

134 1876 232 1949 enim
255 1874 381 1970 legunt
400 1872 560 1961 Hebraei,
584 1897 605 1946 a
638 1874 788 1947 dextera
811 1877 856 1949 ad
882 1875 1064 1961 sinistram.
1091 1876 1215 1977 Atque
1239 1881 1291 1954 ita
1315 1876 1481 1970 reperies,
1508 1868 1639 1968 fignifi-

133 1973 207 2048 cari
230 1972 339 2071 filius.
389 1974 451 2049 Sic
476 1971 557 2077 γξιξ
583 1987 760 2067 quaerela,
787 1984 865 2048 turn
881 1960 917 2061 5,
946 1976 1042 2083 dep.
1057 1991 1222 2055 occurret
1249 1976 1425 2052 exultauit.
1450 1972 1511 2048 Sic
1537 1970 1643 2087 taint,

133 2093 228 2190 quod
242 2094 352 2168 trium
373 2090 559 2166 literarum
573 2088 639 2162 esse
653 2086 820 2177 censebis,
843 2097 990 2191 eoquod
1006 2095 1313 2177 tinmediolitera
1332 2116 1404 2167 non
1428 2087 1482 2174 stt.
1518 2106 1640 2185 quaere
1784 2190 1786 2194 Ι

132 2193 246 2286 igitur
258 2207 285 2279 ³,
310 2204 389 2267 tum
403 2206 445 2277 2,
465 2187 558 2267 &tt
576 2186 635 2262 sub
655 2188 713 2261 liis
734 2190 849 2265 tribus
866 2193 981 2269 literis
996 2196 1156 2273 invenies
1172 2194 1268 2300 uia:
1293 2193 1411 2270 etnim.

234 2368 367 2470 Regulo
391 2370 442 2446 II.
469 2368 511 2447 ln
533 2379 687 2465 quatuor
699 2364 883 2445 literarum
909 2376 1104 2465 vocabulis,
1140 2377 1165 2453 sr
1191 2377 1319 2453 ultima
1332 2372 1374 2449 stt
1383 2380 1492 2455 certa,
1518 2386 1641 2465 quaere

132 2483 208 2546 tres
231 2470 403 2564 ultimas3
431 2468 455 2543 st
474 2468 592 2553 dubia,
620 2487 741 2563 quaere
759 2482 833 2541 tres
848 2474 1059 2551 anteriores.
1100 2460 1198 2585 Πξξξ
1225 2477 1308 2573 qula
1333 2483 1361 2550 Π
1382 2470 1519 2564 semper
1539 2478 1639 2540 certa

132 2589 191 2675 est,
218 2608 341 2685 qllaese
358 2585 419 2662 sub
441 2570 751 2665 flbsslisslseslies
768 2586 1029 2687 prosperabitur,
1077 2590 1259 2680 Αμηιῂῃ
1270 2582 1441 2687 quiarest
1452 2582 1639 2667 dubiffivi.

130 2727 177 2804 pe
194 2723 303 2791 wa,
329 2702 389 2779 sub
411 2727 482 2801 quo
499 2718 611 2783 rav&
626 2725 710 2778 cum
737 2704 1037 2800 explicationibus
1060 2709 1204 2783 diverfis
1221 2707 1400 2806 reperies:
1420 2701 1577 2797 equibus
1596 2708 1638 2771 ut

131 2830 256 2881 veram
284 2804 552 2901 deprehendas,
593 2802 682 2877 illud
707 2803 921 2877 vocabulum
938 2830 959 2878 e
978 2806 1149 2881 fimilibus
1177 2808 1279 2901 elige,
1321 2800 1415 2900 quod
1469 2799 1572 2873 untia
1599 2795 1638 2871 δι

130 2908 291 3001 virgulas
311 2918 375 2977 tuo
391 2925 499 2999 quam
511 2900 707 2976 simillimas
728 2901 846 2975 habet.
885 2900 1046 3002 Atquin
1069 2904 1105 2981 u
1125 2906 1219 3012 tilae
1243 2905 1428 2993 demum]
1448 2918 1486 2972 tn
1501 2894 1637 2971 Lexico
1770 2908 1775 2923 ‘

131 3026 251 3106 nostro
272 3025 386 3104 leatus
410 3022 449 3106 cit
471 3021 687 3101 beatitudinis
711 3023 916 3122 exponitur,

238 3219 373 3324 Regula
396 3219 469 3300 ΙΙΙ.
495 3221 535 3299 Si
553 3216 769 3299 vocabulum
787 3218 942 3299 excedat
951 3233 1106 3318 quatuor
1118 3222 1258 3311 literas,
1282 3222 1401 3301 rursus
1413 3215 1579 3297 habenda
1591 3211 1641 3290 est

132 3323 224 3400 ratio
239 3327 402 3410 ultimae,
430 3343 514 3420 qaae
538 3320 564 3396 st
589 3315 763 3404 certast,
790 3343 872 3397 cum
895 3322 1033 3398 duabus
1047 3324 1222 3420 proximis
1245 3325 1457 3419 indagetur3
1483 3313 1639 3400 srdubia,

132 3425 351 3522 procedatur
380 3421 427 3498 ad
452 3421 595 3495 literam
617 3416 843 3516 proximam,
866 3421 993 3496 eadem
1012 3420 1116 3517 leges
1141 3422 1313 3499 nimirum
1337 3436 1390 3507 ut,
1414 3417 1438 3495 si
1464 3431 1560 3494 certa
1585 3413 1637 3497 stt,

132 3545 215 3596 cum
231 3521 373 3597 duabus
397 3518 638 3596 anterioribus
657 3532 840 3612 quaeratur
859 3518 897 3593 in
917 3519 1077 3594 Lexico:
1102 3519 1126 3596 sr
1149 3520 1268 3609 dubia,
1293 3523 1411 3595 denuo
1434 3518 1480 3592 ad
1493 3527 1638 3589 antece·

131 3621 280 3695 dentem
304 3619 519 3716 prodeatur,
556 3616 764 3692 conditione
786 3619 925 3693 eadem.
982 3617 1087 3705 Quod
1111 3616 1135 3692 st
1160 3618 1240 3693 haec
1262 3639 1404 3714 quoque
1432 3613 1538 3688 dubia
1562 3607 1640 3681 sue·

128 3719 201 3805 rit,
246 3731 418 3815 pergatur
437 3715 548 3792 modo
571 3715 710 3791 eodem.
764 3713 859 3791 Cum
882 3735 968 3791 vero
990 3740 1061 3791 nou
1088 3714 1149 3788 nisi
1175 3726 1249 3790 tres
1275 3718 1390 3788 literae
1416 3711 1635 3808 supererunt,

130 3817 402 3914 qualescunque
448 3835 503 3890 eae
544 3813 702 3898 fuerint,
765 3814 802 3889 in
843 3814 915 3888 illis
948 3811 1205 3911 acquiescatur,
1275 3799 1419 3905 abania
1466 3805 1636 3883 ultimam

127 3933 241 4010 habet
288 3945 457 4013 certamt
504 3953 627 4034 quaere
656 3932 769 4025 igitur
804 3919 886 4016 1³52
939 3932 977 4008 δι
1012 3932 1174 4007 invenies
1197 3910 1434 4032 absorbebitur.
1486 3923 1632 4031 nglpbn

128 4055 222 4130 duas
244 4053 393 4130 ultimas
418 4076 503 4129 cum
519 4054 651 4129 habeat
672 4051 813 4136 dubias,
837 4054 986 4150 reliquae
1010 4066 1098 4137 tres,
1134 4050 1193 4128 seu
1211 4056 1337 4150 primae
1369 4065 1444 4129 tres
1470 4021 1636 4128 vocabuli

126 4151 508 4328 zigffidapuaerendae
529 4150 622 4240 sunt,
643 4162 747 4230 aab.
782 4150 843 4228 ubi
860 4151 923 4228 sub
945 4149 1006 4228 his
1032 4150 1172 4251 punctis
1198 4153 1408 4250 significatio
1431 4152 1633 4288 iudicatur,

232 4447 273 4526 Si
295 4445 412 4536 sorte,
436 4445 606 4524 adhibitis
624 4447 682 4524 lris
701 4443 861 4543 Regulis,
884 4445 1100 4524 vocabulum
1125 4460 1248 4526 tamen
1272 4475 1345 4527 non
1370 4458 1547 4533 occurrat,
1573 4445 1651 4520 ab·'

123 4549 201 4647 jice
220 4547 379 4646 primam,
390 4545 469 4644 ejus
488 4548 642 4634 literam,
669 4546 867 4645 praesertim
885 4545 910 4622 fi
936 4571 979 4622 ea
1002 4545 1043 4620 lit
1066 4572 1139 4624 una
1158 4550 1335 4626 servilium
1353 4536 1469 4631 0522
1494 4545 1636 4621 Batiam

126 4663 195 4724 aut
216 4661 333 4728 rwn
358 4644 523 4745 Hescidu
550 4647 710 4722 maxime
729 4664 743 4728 t
772 4645 867 4744 quod
892 4647 996 4722 initio
1007 4647 1218 4746 plerumque
1232 4649 1405 4748 significat
1420 4646 1471 4730 ss,
1488 4668 1531 4720 ac
1545 4642 1636 4718 Ver·

123 4748 186 4827 bis
196 4745 393 4848 praefixum
411 4756 532 4824 mutat
545 4743 680 4826 sensum
692 4745 873 4827 Praeteriti
875 4745 928 4934 (ilo
947 4745 1082 4826 sensum
1098 4745 1127 4825 F
1128 4750 1237 4843 utari,
1262 4751 1300 4831 dc
1324 4744 1483 4828 vicisim.

1591 4841 1632 4924 si
