3900 6100
1494 952 1521 965 ν
1612 906 1917 1003 anglica.
2279 992 2286 999 ,
3155 940 3260 1015 45

1572 1054 1765 1145 Hoc
1822 1059 1974 1145 est:
2713 1106 2722 1117 ·
3039 1050 3045 1055 ’
3213 1056 3218 1061 ’

508 1232 738 1311 Primn
764 1224 1053 1324 quaestio
1082 1229 1236 1299 erat
1264 1274 1291 1315 ,
1392 1222 1623 1299 uiuam
1653 1228 1974 1302 omnium
2009 1224 2380 1303 hominum
2411 1226 2634 1305 effent
2665 1231 2966 1309 maxime
3001 1233 3231 1313 liberi.

278 1327 841 1426 Respondebant
874 1324 1126 1417 aliqui,
1182 1320 1318 1396 ess'e
1434 1341 1674 1417 egem,
1727 1325 1841 1416 qui
1890 1322 2204 1417 suprema
2253 1325 2611 1417 potestate
2643 1326 2768 1403 suo
2799 1334 3076 1423 populo
3104 1334 3232 1411 im-

276 1442 491 1521 peret
521 1479 548 1520 ,
609 1423 929 1501 hostibus
970 1420 1304 1494 omnibus
1342 1416 1701 1509 superatis.
1810 1419 1953 1495 Alii
2000 1419 2486 1497 esseverabant
2515 1476 2542 1517 ,
2613 1425 3230 1519 liberrimum-effe

280 1526 696 1610 hominem,
742 1518 1263 1609 cuisatisopum
1284 1515 1659 1609 suppetat,
1710 1514 1903 1589 unde
1924 1518 2164 1591 omnia
2191 1516 2304 1591 sua
2337 1517 2670 1594 desideria
2699 1524 3000 1617 expleat.
3081 1528 3226 1603 Alii

278 1624 605 1715 aiebant,
649 1638 813 1693 eum
839 1614 1018 1706 effe,
1070 1616 1185 1709 qui
1209 1632 1566 1705 nunquam
1594 1614 2054 1688 matrimonio
2089 1614 2397 1689 alnetus
2423 1667 2448 1709 ,
2500 1639 2630 1709 per
2664 1641 2951 1695 omnem
2999 1625 3223 1717 vitam

278 1718 773 1813 peregrinetur
802 1762 831 1801 ,
884 1711 1187 1785 diversis
1216 1730 1377 1781 oras
1409 1709 1866 1801 circumiens,
1906 1730 2146 1805 neque
2161 1722 2396 1785 tamen
2429 1715 2635 1787 uilius
2677 1719 2908 1809 gentis
2948 1719 3222 1816 legibus

276 1812 647 1905 subiretur.
740 1810 966 1883 Erant
992 1808 1111 1900 qui
1153 1804 1633 1891 somniarent,
1702 1806 2134 1883 liberrimum
2167 1806 2302 1881 effe
2341 1810 2710 1885 barbarum
2747 1865 2773 1904 ,
2883 1815 2951 1887 ui
2993 1817 3223 1895 media

276 1912 467 1985 inter
498 1929 790 1985 nemora
813 1907 1209 1981 venatione
1230 1900 1375 1977 sola
1404 1904 1663 1977 vivens
1704 1955 1731 1996 ‚
1795 1924 1934 1979 nec
1965 1906 2054 1978 ab
2106 1905 2314 1979 uilius
2357 1906 2658 1997 imperio
2691 1930 2832 2001 pen
2885 1923 3040 2001 eat,
3081 1934 3222 1991 nee

324 2026 499 2081 enus
516 2008 739 2081 ulium
758 2001 1078 2117 egestatis
1108 1998 1382 2075 sentiat.
1560 1998 1923 2078 uibusdam
1967 2000 2188 2077 visum
2217 2050 2244 2089 ,
2306 2000 2442 2075 effe
2481 2003 2842 2081 hominem
2875 2028 3103 2101 nuper
3140 2021 3218 2090 in

272 2029 675 2177 fibertntem
700 2098 1056 2191 emiffum,
1109 2098 1227 2192 qui
1262 2096 1459 2193 gravi
1520 2098 1835 2171 ervitute
1866 2096 2217 2194 egmnus,
2289 2101 2652 2193 plusquam
2698 2104 2871 2178 alius
2927 2108 3211 2198 quicun-

272 2198 775 2293 queiibertatis
798 2194 1172 2269 dulcedine
1210 2194 1633 2283 perfruatur.
1736 2192 2100 2271 Nonnulli
2121 2194 2429 2289 denique
2465 2219 2555 2270 eo
2579 2198 2836 2295 delapii
2872 2200 3030 2277 sunt
3054 2253 3081 2292 ,
3137 2218 3220 2280 ut

270 2298 637 2381 dicerent,
685 2294 1112 2369 liberrimum
1134 2289 1273 2366 effe
1290 2292 1649 2363 hominem
1681 2294 2150 2367 morientem:
2217 2290 2794 2389 quandoquidem
2836 2319 3030 2375 mors
3065 2318 3220 2377 orn-

271 2397 481 2469 nibus
502 2412 663 2465 eum
688 2390 1339 2482 perturbationibus
1364 2384 1691 2477 expedit,
1754 2409 1893 2465 nec
1926 2389 2258 2465 homine:
2292 2410 2542 2465 omnes
2583 2390 2824 2484 iuneta
2854 2414 3076 2488 opera
3117 2402 3220 2471 ui-

272 2492 407 2565 larn
434 2489 575 2581 jam
612 2486 869 2561 dehine
914 2484 1339 2575 potestatem
1380 2503 1719 2557 exercere
1762 2486 1831 2557 in
1871 2506 2032 2561 eum
2081 2498 2354 2578 queunt
2357 2538 2732 2563 ......
2787 2491 3218 2571 Liberrimus

270 2586 645 2661 hominum
663 2586 1026 2672 omnium,
1065 2580 1398 2673 respondi
1434 2600 1569 2675 ego
1625 2580 1667 2674 (
1696 2578 2274 2674 Telemachus),
2337 2584 2459 2656 iile
2499 2582 2643 2675 est,
2695 2588 2814 2677 qui
2855 2590 3031 2663 liber
3075 2614 3216 2665 rna-

270 2704 447 2760 nere
464 2682 629 2756 vel·
702 2680 839 2776 ipsa
860 2679 1203 2754 servitute
1234 2674 1505 2769 potest:
1555 2688 1990 2771 quoeunque
2019 2682 2090 2752 in
2113 2678 2292 2751 statu
2330 2690 2452 2751 aut
2484 2681 2656 2752 ioco
2689 2682 2948 2777 fuerit,
2977 2688 3222 2763 .1iber-·

360 2782 581 2863 rimus
608 2780 653 2851 h
786 2800 835 2852 o
860 2774 1053 2857 est,ii
1078 2774 1283 2846 Deos
1303 2774 1585 2866 timeat,
1604 2793 1739 2847 nec
1754 2794 2154 2867 quenquam
2184 2788 2565 2867 praetereaz
2593 2779 2828 2852 verbo
2848 2833 2873 2872 ,
2901 2779 2960 2854 is
2990 2803 3120 2859 ve-

566 2898 647 2953 re
662 2878 843 2953 liber
866 2872 1007 2962 est,
1041 2870 1157 2962 qui
1180 2870 1376 2943 omni
1394 2888 1657 2965 genere
1671 2871 1946 2945 timoris
1975 2871 2245 2945 &anxii
2263 2869 2576 2945 deiiderii
2593 2872 2869 2967 abJesto
2885 2923 2918 2969 ,

890 2964 1395 3047 tantummodo
1416 2966 1575 3042 Diis
1600 2966 1813 3042 &suae
1831 2968 2454 3062 rationisubjeetus
2474 2968 2599 3045 est.
2707 2988 2748 3011 ⁶·
2887 2996 2906 3013 ·

1966 4797 2034 4893 F
2089 4825 2136 4912 a
2889 4797 3218 4886 INSTI-
