3900 6100
907 862 1114 964 AEspanictr.
1497 952 1506 973 Ι
1701 868 1751 961 '77

250 1030 422 1117 teoduzir,
445 1028 696 1105 introducere:
724 1024 941 1125 introduzga
965 1027 1178 1113 introduco:
1204 1025 1421 1125 introduzgc,
1447 1050 1495 1113 as,
1523 1049 1555 1121 o;
1594 1026 1755 1100 introdu-

241 1156 334 1221 cam,
366 1153 419 1215 as‚
432 1142 491 1204 at:
512 1126 798 1223 introduzgomos,
811 1129 873 1211 uis,
891 1151 953 1207 on‚·
982 1126 1276 1223 introducarnuS,
1299 1129 1381 1208 atis,
1397 1118 1472 1204 anf.

352 1282 408 1357 14.
436 1258 498 1346 De,
529 1282 561 1343 a,
586 1284 661 1357 por,
677 1281 778 1355 poro,
805 1269 891 1331 ante
913 1255 1114 1331 Infinitivos
1132 1254 1331 1331 Verborum
1354 1254 1489 1331 sensum
1517 1242 1670 1351 gignunt
1688 1279 1752 1328 uo·

244 1361 326 1438 stris
343 1358 536 1433 Gerundiis
554 1357 611 1432 vel
635 1377 781 1452 parem,
816 1355 872 1428 vel
899 1352 1054 1446 affinem.
1081 1354 1111 1428 el
1133 1357 1255 1429 motivo
1273 1354 1312 1427 de
1326 1380 1422 1437 creer,
1448 1354 1541 1429 ratio
1569 1353 1751 1433 credendi,
1786 1432 1788 1437 ,

245 1464 308 1563 esto
334 1484 366 1532 er
383 1479 472 1555 poro
487 1477 595 1538 cenae,
621 1452 692 1528 hoc
707 1456 753 1529 ad
769 1452 985 1529 coenandum
1002 1452 1169 1528 servatur.
1192 1477 1257 1551 por
1272 1452 1413 1553 impedit
1426 1447 1592 1553 mideffeo,
1621 1453 1666 1525 ad
1683 1452 1752 1525 im·
1847 1480 1849 1485 ·

246 1557 470 1658 pedienduur
493 1551 705 1627 desiderium
726 1575 860 1629 meum.
1435 1582 1438 1589 ·
1526 1583 1529 1591 ¹

357 1710 413 1780 15.
441 1682 559 1761 Verba
583 1679 730 1759 Avo&
763 1680 864 1757 Tener
891 1693 975 1757 ante
1006 1679 1229 1763 infinitivus,
1255 1678 1313 1753 vel
1337 1678 1471 1763 nudos,
1497 1680 1555 1754 vel
1580 1681 1756 1778 particula
1829 1700 1831 1705 ·

245 1784 480 1869 demunitos,
505 1781 658 1857 eandem
676 1782 748 1855 vim
762 1780 907 1864 habent,
945 1802 1055 1876 quarn
1068 1779 1224 1854 nostrum
1243 1775 1432 1855 Futurum.
1458 1776 1496 1851 re
1517 1776 1556 1851 de
1578 1783 1632 1865 ir,
1656 1793 1755 1877 tango
1870 1822 1876 1857 ι

246 1884 288 1961 de
308 1884 450 1998 inibo.
478 1905 520 1957 eto
531 1876 576 1953 fra
586 1878 626 1953 de
632 1878 693 2051 [ee
712 1890 835 1979 quanto
848 1878 986 1976 esperas,
1012 1879 1166 1993 nouerit
1192 1876 1561 1986 (tanturnlquantum
1574 1879 1755 1971 expedias.

248 1995 302 2059 ten
316 1976 461 2057 caedudo
473 1977 575 2054 delos
586 2003 630 2077 po
654 2002 713 2063 rer,
739 1990 866 2073 plener
886 1976 919 2051 io
931 1974 975 2051 lea
992 1975 1032 2051 de
1045 1986 1074 2053 tr
1094 1975 1208 2054 Deos:
1248 1974 1380 2074 fulcrpe
1401 1996 1525 2052 curam
1544 1997 1753 2076 pauperum,
1818 2042 1820 2049 ,

246 2081 287 2161 dt
311 2104 438 2157 curam
455 2078 511 2153 tui
526 2077 674 2153 habebit
702 2075 826 2151 DEus.

307 2194 310 2198 Δ
359 2219 416 2287 16.
442 2204 632 2304 participia
660 2208 840 2304 explicare
855 2208 940 2282 licet
962 2228 1026 2304 per
1046 2205 1241 2304 particulas
1265 2203 1353 2297 diane,
1382 2233 1465 2295 cum,
1482 2209 1574 2304 quio,
1588 2213 1758 2323 postquam

219 2334 224 2343 “
250 2311 323 2396 dre,
332 2320 371 2382 ei
379 2330 415 2403 g.
430 2332 473 2382 no
482 2305 645 2404 prodiendo
668 2303 803 2390 aendor,
820 2304 968 2404 passio.
985 2363 993 2379 .
1009 2361 1018 2380 .
1033 2329 1117 2380 curn
1131 2304 1231 2378 finire
1246 2330 1318 2379 uon
1332 2305 1474 2403 possem,
1495 2308 1613 2382 traulri
1626 2310 1672 2382 ad
1685 2365 1694 2383 .
1708 2362 1756 2392 .,.
1878 2368 1880 2379 ,

247 2406 477 2510 promulgatio
485 2406 520 2478 lo
527 2404 587 2498 lep,
597 2402 682 2478 diaco
693 2401 724 2476 el
732 2401 957 2501 Emperodor.
970 2459 977 2474 .
990 2458 1018 2482 ..
1035 2404 1264 2500 promulgata
1278 2404 1367 2499 lege,
1382 2406 1475 2479 dixit
1490 2405 1608 2480 Caesar
1622 2405 1694 2482 dec.

370 2549 427 2625 ¹7·
452 2524 642 2621 Participia
657 2521 847 2597 Praesentis
869 2521 912 2594 do
934 2525 971 2596 in
984 2537 1015 2596 te
1039 2538 1179 2598 mutato
1200 2525 1293 2597 fiunt
1309 2525 1467 2598 nomina.
1494 2527 1760 2625 amontafiloso·

243 2626 358 2723 sonte,
370 2636 581 2794 gorpinnante,
602 2634 755 2709 amator,
776 2618 1019 2720 philosophus,
1047 2621 1283 2717 gubernator5
1303 2645 1356 2693 ex
1373 2622 1526 2710 uniendo,
1534 2623 1757 2724 filososondo,

283 2746 427 2796 moron
454 2746 483 2795 o.

227 2910 231 2915 ¹
253 2748 283 2821 g
365 2834 420 2904 18.
446 2816 553 2916 Saepe
565 2817 695 2895 Verbis
705 2816 888 2894 adduntur
901 2816 1033 2904 Alina,
1055 2818 1106 2893 ita
1117 2826 1159 2893 ut
1175 2837 1219 2891 ex
1232 2816 1351 2893 Verbo
1365 2816 1632 2894 &Pronomine
1647 2842 1763 2898 unum
1801 2799 1806 2813 ⁸

229 2917 474 2996 ¹vocabulum
507 2916 692 2991 confletur.
714 2917 825 2998 leuior,
849 2916 1063 3011 legatillos:
1090 2914 1198 2989 exfea
1225 2914 1346 2991 &·lor.
1398 2915 1530 2991 Affixis
1559 2921 1763 2994 accedenti·
1827 2972 1829 2976 -

254 3018 337 3099 bus,
365 3017 491 3090 ultima
507 3013 615 3089 Verbi
635 3016 738 3091 litera
752 3020 1010 3112 nonuunquam
1023 3012 1198 3110 abjicitur,
1224 3026 1398 3099 mutatur,
1423 3017 1648 3093 transfertur.
1673 3016 1762 3115 abji-

257 3116 354 3190 citur
371 3113 396 3187 ά
407 3112 444 3188 oe
459 3137 478 3185 s
492 3112 530 3186 in
543 3114 769 3209 imperativis
782 3136 790 3185 =
803 3112 973 3199 acoraaos,
987 3109 1282 3205 oirnttrt‘eud),
1295 3134 1358 3210 pro
1373 3114 1530 3189 acordad.
1556 3117 1762 3205 andemonos,

256 3211 465 3290 auferamus
481 3234 560 3294 nos,
577 3213 762 3294 abeamus,
787 3232 851 3306 pro
873 3211 1049 3306 antemos„
1064 3220 1227 3285 mutatur
1243 3237 1262 3284 r
1277 3211 1448 3287 infinitivi
1470 3211 1507 3287 in
1523 3215 1553 3289 i:
1579 3215 1683 3302 veeilo,
1710 3216 1766 3290 vi·
1823 3235 1830 3244 ·

256 3312 343 3385 dere
366 3310 467 3383 illurn
485 3305 541 3382 vel
556 3309 668 3400 illud3
691 3308 827 3390 leozeilo,
850 3309 885 3382 id
909 3310 1027 3384 facere
1039 3333 1050 3402 ;
1076 3308 1204 3390 dezille,
1232 3309 1265 3381 ei
1290 3311 1434 3403 dicere3
1461 3333 1525 3409 pro
1538 3339 1619 3395 veer,
1644 3312 1758 3399 boza,

257 3409 368 3482 deze'r.
410 3405 626 3482 transfertur
656 3406 730 3503 post
747 3406 899 3501 primam
922 3403 1036 3481 nffixr
1067 3410 1207 3484 literam
1227 3408 1262 3481 in
1282 3408 1521 3505 lrnperativo:
1547 3408 1683 3496 neeldos,
1711 3409 1765 3482 vi-

257 3507 344 3677 'deple
368 3504 475 3592 illos3
512 3502 664 3591 dezilde,
697 3505 805 3579 dicite
823 3505 879 3591 εἰς
903 3503 1054 3592 bazeldo,
1079 3508 1115 3582 id
1134 3506 1265 3601 facite.;
1290 3531 1355 3606 pro
1375 3507 1511 3594 veedlos,
1536 3505 1676 3593 dezidle,
1703 3506 1765 3582 la·

255 3627 298 3680 ze
335 3627 371 3683 o.
1809 3643 1812 3652 ,

377 3725 434 3795 ro.
461 3699 680 3775 Pronomina
698 3698 875 3796 emphafis
901 3699 1016 3776 caulla
1029 3699 1228 3796 geminant.
1256 3725 1298 3774 no
1307 3701 1346 3798 se
1357 3701 1455 3797 hasco
1470 3723 1492 3772 o
1509 3702 1553 3797 st,
1578 3723 1651 3776 non
1664 3723 1765 3798 quae·

255 3799 307 3876 nt
326 3797 361 3873 fe
381 3797 506 3894 ipsum.
519 3802 579 3900 ost
591 3801 743 3896 mesine-fi
756 3797 909 3883 condona,
928 3797 962 3871 se
975 3798 1045 3896 ipse
1058 3800 1217 3874 damnat.
1230 3798 1357 3892 grande
1369 3799 1549 3892 es,oquien
1561 3799 1598 3870 ni
1610 3797 1766 3896 infelici·

258 3897 334 3972 eiad
344 3899 374 3972 le
386 3895 564 3995 deseruere,
577 3897 655 3970 nilo
667 3891 861 3993 odnerfidod
871 3896 900 3970 le
910 3896 1076 3998 derbisire,
1096 3918 1249 3989 magnus
1262 3893 1320 3980 est,
1339 3918 1446 3991 quem
1459 3918 1524 3969 nec
1533 3893 1686 3972 felicitas
1696 3923 1762 3973 ex·

256 3995 381 4080 tollit,
422 4017 490 4068 nec
513 3993 705 4069 infelicitas
725 3990 909 4066 obscurat:
943 3997 1002 4067 ubi
1031 3991 1232 4090 pronomini
1257 3994 1406 4068 relativo
1433 3997 1529 4089 quien
1544 3994 1687 4071 additur
1724 3999 1765 4074 le.

198 4159 201 4164 .
256 4093 358 4169 Cum
381 4090 461 4165 aliis
478 4115 621 4189 quoque
656 4091 862 4165 nominibus
884 4093 1059 4186 reperitur
1077 4114 1297 4188 pronomen,
1340 4091 1446 4165 solius
1465 4091 1666 4184 elegantiae,
1691 4121 1764 4172 non

262 4189 386 4266 senius
394 4191 510 4284 gratia
519 4189 729 4288 appositum.
744 4211 774 4261 e.
786 4210 822 4283 g.
836 4187 988 4264 mandore
1001 4190 1117 4264 flioso
1133 4195 1216 4285 Moy
1232 4215 1264 4262 es
1272 4194 1334 4291 ejla
1342 4192 1531 4270 ceremonia,
1546 4190 1655 4267 ritum
1668 4195 1765 4269 hunc

255 4288 378 4366 DEus
392 4286 507 4381 Moysi
517 4288 712 4363 mandavit.
719 4286 759 4384 se
771 4285 1000 4460 quiereslairer
1016 4289 1051 4361 lo
1064 4310 1203 4370 maone
1221 4287 1333 4359 Aurae
1333 4286 1372 4383 se
1384 4288 1418 4360 la
1425 4286 1523 4361 dilui
1531 4284 1645 4375 Later,
1658 4293 1770 4366 ratio·
1847 4309 1849 4314 ’

254 4409 348 4464 nem
360 4383 387 4459 fr
399 4383 495 4459 nolle
507 4386 621 4480 cupis,
651 4409 732 4459 earn
744 4384 877 4460 aanor
923 4385 1031 4460 ctiori
1043 4384 1215 4483 exposuit.
1247 4382 1354 4460 Vides
1368 4387 1478 4460 etiarn
1492 4409 1537 4458 ex
1554 4387 1610 4461 his
1624 4413 1766 4462 exem·-

258 4485 334 4584 plis
354 4481 438 4579 (oft,
457 4509 476 4555 o
492 4485 616 4579 quim),
641 4483 677 4556 id
692 4482 787 4579 quod
800 4482 968 4579 Hispanis
984 4482 1031 4557 est
1045 4479 1375 4579 frequentilfrmum,
1400 4486 1613 4579 particulam
1639 4511 1672 4572 a,
1689 4486 1771 4563 Da·'

205 4629 223 4682 q
257 4585 342 4660 tivo
355 4571 436 4681 („§1
453 4579 492 4656 dr
507 4604 527 4655 a
540 4582 559 4671 )
573 4603 636 4679 per
652 4579 685 4655 se
699 4581 869 4669 debitam,
903 4575 1120 4656 Accusativo
1140 4583 1282 4678 quoque
1291 4578 1394 4678 jungi
1409 4582 1528 4656 solere.

379 4703 436 4754 20.
462 4679 643 4755 Aduerbia
670 4678 790 4776 paifrm
809 4680 900 4755 fiunt
929 4704 975 4753 ex
1000 4679 1200 4766 adiefiivis,
1236 4679 1399 4754 addendo
1417 4694 1529 4755 niente.
1546 4675 1762 4776 serbiomente,

252 4779 442 4882 sapienter
452 4802 465 4876 ;
489 4802 511 4854 a
513 4774 625 4877 sabio,
651 4776 803 4878 sapiens.
816 4777 1073 4952 delgodaeppnte,
1099 4777 1263 4862 delicate·
1291 4776 1481 4876 adelgaro,
1504 4778 1692 4855 delicatus.
1714 4877 1748 4957 D

450 4915 454 4922 .
1034 4901 1053 4966 3
1247 4927 1250 4938 ,
1751 4904 1772 4956 e
